@book{Hemingway1952,
  title={老人と海},
  author={Hemingway, Ernest},
  year={1952},
  publisher={Charles Scribner's Sons}
}